<record><leader>00000cas a22000007a 4500</leader><controlfield tag="001">10675543</controlfield><controlfield tag="008">840430d1892189unyuwr ne      0   a0eng d</controlfield><datafield ind1=" " ind2=" " tag="010"><subfield code="a">sn 84031102 </subfield></datafield><datafield ind1=" " ind2=" " tag="040"><subfield code="a">NYG</subfield><subfield code="b">eng</subfield><subfield code="c">NYG</subfield><subfield code="d">NYS</subfield><subfield code="d">OCLCQ</subfield></datafield><datafield ind1=" " ind2=" " tag="042"><subfield code="a">msc</subfield></datafield><datafield ind1=" " ind2=" " tag="043"><subfield code="a">n-us-ny</subfield></datafield><datafield ind1="0" ind2="0" tag="245"><subfield code="a">Albion free lance.</subfield></datafield><datafield ind1="1" ind2="3" tag="246"><subfield code="a">Free lance</subfield></datafield><datafield ind1=" " ind2=" " tag="260"><subfield code="a">Albion, N.Y. :</subfield><subfield code="b">Pearl Coann,</subfield><subfield code="c">1892-</subfield></datafield><datafield ind1=" " ind2=" " tag="300"><subfield code="a">v. :</subfield><subfield code="b">ill.</subfield></datafield><datafield ind1=" " ind2=" " tag="310"><subfield code="a">Weekly</subfield></datafield><datafield ind1="0" ind2=" " tag="362"><subfield code="a">Vol. 1, no. 1 (July 26, 1892)-</subfield></datafield><datafield ind1=" " ind2=" " tag="500"><subfield code="a">Woman's ed. published: Apr. 14, 1896.</subfield></datafield><datafield ind1=" " ind2="4" tag="651"><subfield code="a">Albion (N.Y.)</subfield><subfield code="v">Newspapers.</subfield></datafield><datafield ind1=" " ind2=" " tag="752"><subfield code="a">United States</subfield><subfield code="b">New York</subfield><subfield code="c">Orleans</subfield><subfield code="d">Albion.</subfield></datafield><datafield ind1="0" ind2="7" tag="785"><subfield code="t">Orleans County herald</subfield><subfield code="w">(DLC)sn 84031097</subfield></datafield><datafield ind1="0" ind2="7" tag="785"><subfield code="t">Albion free lance and Orleans County herald</subfield><subfield code="w">(DLC)sn 84031107</subfield></datafield><datafield ind1="1" ind2=" " tag="029"><subfield code="a">AU@</subfield><subfield code="b">000020635526</subfield></datafield></record>